@article{chekroud2018association,
  title     = {Association between physical exercise and mental health in 1.2 million individuals in the USA between 2011 and 2015: a cross-sectional study},
  author    = {Chekroud, Sammi R and Gueorguieva, Ralitza and Zheutlin, Amanda B and Paulus, Martin and Krumholz, Harlan M and Krystal, John H and Chekroud, Adam M},
  journal   = {The lancet psychiatry},
  volume    = {5},
  number    = {9},
  pages     = {739--746},
  year      = {2018},
  publisher = {Elsevier}
}

@article{mahindru2023role,
  title     = {Role of physical activity on mental health and well-being: A review},
  author    = {Mahindru, Aditya and Patil, Pradeep and Agrawal, Varun},
  journal   = {Cureus},
  volume    = {15},
  number    = {1},
  year      = {2023},
  publisher = {Cureus Inc.}
}

@article{noetel2024effect,
  title     = {Effect of exercise for depression: systematic review and network meta-analysis of randomised controlled trials},
  author    = {Noetel, Michael and Sanders, Taren and Gallardo-G{\'o}mez, Daniel and Taylor, Paul and del Pozo Cruz, Borja and Van Den Hoek, Daniel and Smith, Jordan J and Mahoney, John and Spathis, Jemima and Moresi, Mark and others},
  journal   = {bmj},
  volume    = {384},
  year      = {2024},
  publisher = {British Medical Journal Publishing Group}
}

@article{smith2021role,
  title     = {The role of exercise in management of mental health disorders: an integrative review},
  author    = {Smith, Patrick J and Merwin, Rhonda M},
  journal   = {Annual review of medicine},
  volume    = {72},
  number    = {1},
  pages     = {45--62},
  year      = {2021},
  publisher = {Annual Reviews}
}
